5217 6040
2505 633 3036 718 -3-

1357 867 1461 928 cet
1503 880 1544 926 a
1584 859 1855 927 Disseno
1898 860 2149 945 egregie
2189 860 2417 928 moniti
2457 867 2638 930 recta
2678 863 2784 929 via
2822 862 3208 948 investigare
3248 870 3578 945 recusant,
3631 865 3801 932 unde
3844 866 3921 933 fit
3936 917 3954 950 ,
4007 873 4084 934 ut
4124 868 4195 940 in

1356 948 1672 1032 poematis
1715 948 2042 1031 epicorum
2084 952 2151 1014 et
2194 948 2586 1033 tragicorum
2629 949 2988 1017 tractandis
3020 952 3438 1018 concinnitati
3471 973 3619 1019 vere
3654 953 3962 1038 pulchrae
4002 955 4195 1022 triste

1356 1033 1680 1118 quoddam
1720 1040 1789 1100 et
1830 1033 2017 1119 quasi
2059 1035 2290 1101 servile
2331 1034 2651 1103 vinculum
2693 1035 3093 1104 substituant
3142 1036 3396 1104 liberali
3450 1045 3647 1124 poeta
3705 1062 3971 1125 prorsus
4029 1041 4196 1108 indi·

1354 1143 1569 1206 gnum.
1656 1121 1889 1187 Actum
1932 1126 2034 1188 est
2076 1121 2156 1186 de
2198 1120 2567 1207 philologia,
2611 1124 2670 1191 si
2710 1122 3052 1190 verborum
3090 1123 3336 1191 formae
3378 1125 3563 1192 unice
3587 1126 3822 1194 intenti
3848 1129 4195 1195 sententia-

1352 1229 1499 1276 rum
1537 1206 1855 1275 rationem
1897 1213 1964 1274 et
2000 1212 2210 1274 artem
2235 1207 2628 1299 Graecorum
2670 1210 2950 1276 divinam
2993 1208 3135 1277 sola
3173 1210 3309 1278 fere
3348 1232 3655 1279 manuum
3699 1234 3900 1298 opera
3945 1220 4013 1281 et
4054 1236 4193 1282 ver-

1354 1295 1532 1361 sibus
1575 1315 1692 1380 per
1733 1293 1967 1379 digitos
2011 1295 2365 1361 numeratis
2425 1295 2665 1380 aperiri
2761 1316 2906 1364 osse
2962 1302 3159 1383 atque
3215 1297 3531 1365 illustrari
3589 1299 3957 1386 opinantur.
4064 1300 4195 1367 Sed

1352 1401 1498 1447 cum
1541 1381 1621 1449 de
1662 1402 1778 1465 spe
1821 1381 2070 1466 agimus
2113 1401 2291 1465 spem
2329 1381 2614 1449 fovemus
2627 1434 2645 1465 ‚
2725 1404 2864 1466 ore,
2930 1388 3007 1449 ut
3048 1404 3130 1451 ex
3166 1381 3269 1452 his
3312 1385 3639 1454 erroribus
3680 1408 3832 1454 mox
3872 1392 4067 1454 aucta
4106 1388 4197 1454 vi·

1353 1467 1534 1535 ribus
1580 1467 1665 1535 ad
1707 1489 1940 1534 novum
1981 1466 2384 1551 splendorem
2422 1467 2772 1555 philologia
2813 1475 3120 1556 emergat.
3232 1471 3275 1538 J
3275 1491 3381 1538 am
3436 1469 3630 1540 hilari
3684 1475 3900 1542 animo
3952 1473 4195 1561 elegiae

1352 1554 1540 1621 finem
1585 1553 2009 1641 aggredimur.
2096 1553 2218 1620 Est
2260 1560 2476 1621 autem
2516 1555 2651 1622 hic:

1872 1640 2223 1727 φραζέσθω
2267 1640 2324 1706 δ’
2369 1640 2614 1706 α’δίκων
2656 1640 2920 1722 ἀνδρῶν
2961 1642 3216 1711 σκολιὸν
3260 1642 3454 1725 λόγον
3497 1645 3660 1723 αἰεί,

1953 1731 2024 1791 οἳ
2059 1729 2242 1791 θεῶν
2283 1725 2645 1794 α’θανάων
2685 1726 2880 1793 οὐδὲν
2922 1727 3287 1813 ὅπιζόμενοι

1867 1814 2012 1878 αἰὲν
2052 1810 2158 1878 ἐπ’
2195 1811 2549 1897 ἀλλοτρίοις
2591 1814 2875 1890 κτεάνοις
2913 1814 3209 1899 ἐπέχουσι
3250 1814 3495 1900 νόημα,

1957 1899 2188 1983 αῑσχρᾶ
2232 1911 2460 1977 κακοῖς
2500 1903 2709 1985 ἔργοις
2746 1900 3038 1984 σύμβολα
3079 1900 3462 1988 θηκάμενοι.

1355 1989 1738 2074 Scrupulum
1778 1986 1960 2054 inicit
2000 1986 2258 2053 σκολιόν
2274 2039 2290 2069 ,
2359 2009 2489 2073 quo
2544 1987 2707 2055 nihil
2766 1988 3189 2072 significetur,
3254 1989 3429 2074 quod
3469 1989 3538 2056 in
3579 1990 3893 2057 adiectivo
3949 1988 4194 2055 ἀδίκων

1353 2099 1486 2146 non
1518 2076 1709 2143 insit:
1751 2072 2001 2141 accedit
2027 2073 2204 2158 quod
2243 2074 2376 2141 iam
2412 2074 2536 2142 hoc
2577 2096 2785 2157 versu,
2829 2080 2903 2141 ut
2948 2075 3106 2143 mihi
3146 2075 3419 2158 videtur,
3464 2097 3580 2143 cur
3606 2077 4050 2164 improborum
4076 2075 4192 2144 ho·

1353 2166 1599 2232 minum
1638 2158 1908 2231 consilia
1948 2166 2249 2245 artesque
2289 2161 2729 2229 observandae
2771 2160 2902 2227 sint
2918 2211 2936 2244 ,
2995 2162 3214 2247 aliquo
3257 2161 3485 2229 saltem
3524 2162 3715 2230 modo
3766 2163 4040 2232 indicari
4080 2162 4191 2230 de·

1351 2252 1503 2319 bet:
1560 2250 1809 2317 animus
1850 2246 2051 2332 igitur
2092 2246 2384 2329 inclinat,
2444 2254 2520 2315 ut
2563 2247 2857 2314 δόλιον
2898 2269 3017 2333 pro
3064 2269 3217 2315 vera
3259 2250 3584 2334 scriptura
3625 2248 3930 2317 habeam:
3995 2248 4075 2315 cf.
4096 2271 4192 2316 vs.

1353 2344 1459 2405 67.
1504 2341 1653 2404 226.
1736 2335 1810 2403 In
1855 2339 2258 2419 pentametro
2302 2334 2584 2403 editores
2624 2334 2805 2402 dubii
2845 2334 3136 2417 haerent,
3180 2340 3400 2402 utrum
3441 2334 3636 2402 οὐδὲν
3676 2357 3822 2403 cum
3865 2335 4191 2404 codicibus

1351 2448 1440 2492 an
1480 2421 1689 2489 οὐδέν
1730 2442 1876 2488 cum
1919 2419 1999 2487 G.
2044 2420 2416 2488 Hermanno
2457 2423 2504 2489 l.
2551 2443 2607 2489 c.
2652 2442 2718 2507 p.
2754 2425 2835 2487 39
2878 2421 3369 2506 praeferendum
3409 2423 3527 2490 sit:
3570 2421 3802 2489 οὐδὲν
3841 2443 3963 2509 ego
4005 2443 4191 2507 prae·

1349 2512 1489 2580 fero
1532 2511 1615 2578 ob
1661 2529 1893 2577 causas
1937 2528 1980 2573 a
2019 2506 2296 2592 Bergkio
2337 2508 2502 2575 Mus.
2544 2509 2749 2576 Rhen.
2793 2508 2838 2574 l.
2884 2530 2940 2576 c.
3033 2558 3048 2574 .
3088 2513 3216 2576 419
3261 2510 3500 2576 allatas
3518 2561 3534 2593 ,
3598 2515 3740 2576 tum
3794 2508 3880 2577 ob
3936 2508 4193 2577 dicendi

1350 2619 1553 2753 ἔξω
1598 2596 1823 2664 durius
1838 2645 1856 2675 ,
1918 2614 2045 2679 quo
2085 2595 2186 2660 uti
2226 2593 2545 2697 [theognis
2590 2595 2896 2663 assuevit.
3118 2596 3348 2663 ultimo
3391 2616 3585 2697 versu
3623 2595 4190 2698 interpolationem

1353 2680 2327 2841 ...ssffiffifflhffissssz
2371 2681 3332 2853 {·.1⁰¹⁰m.„¹¹·⁸.m⁰·¹'.„;⁹'.⁰„⁵4.50²3}3?
3350 2682 4189 2855 fflffigffiffl

1347 2859 1545 2928 verbo
1587 2856 1845 2944 quidem
1886 2860 2557 2922 commemoraverunt.
2640 2854 2820 2922 Haec
2860 2856 3204 2923 hactenus:
3265 2861 3504 2939 restat,
3568 2860 3644 2923 ut
3692 2857 4079 2942 elegantiam
4117 2855 4187 2921 in

1353 2947 1555 3013 totius
1600 2941 1902 3012 carminis
1945 2942 2404 3028 compositione
2446 2942 2858 3027 conspicuam
2901 2942 3124 3028 paucis
3168 2943 3526 3029 explanem.
3615 2942 3893 3010 Carmen
3921 2943 3991 3009 in
4023 2941 4187 3008 duas

1349 3038 1572 3120 partes
1616 3030 1920 3118 aequales
1962 3028 2252 3111 divisum,
2301 3032 3280 3096 1135-1143=1143—1150:
3322 3030 3502 3114 prior
3542 3050 3697 3114 pars
3740 3036 4050 3115 quattuor
4090 3028 4188 3095 di-

1350 3121 1564 3189 sticha
1616 3117 2044 3202 complectens
2098 3121 2166 3182 et
2203 3117 2351 3217 ipsa
2389 3115 2459 3182 in
2501 3115 2666 3184 duas
2719 3116 3075 3201 particulas
3134 3117 3437 3200 aequales
3497 3115 3812 3183 scinditur
3826 3166 3843 3198 ‚
3910 3136 4185 3201 quarum

1350 3228 1485 3274 una
1525 3204 1718 3294 Spem
1757 3224 1956 3270 unam
1994 3201 2199 3270 Deam
2235 3223 2307 3268 m
2346 3204 2542 3270 terris
2583 3202 2832 3270 versari
2873 3202 3097 3286 docet,
3143 3203 3354 3269 altera
3397 3223 3661 3273 causam
3701 3201 3886 3269 addit
3926 3223 4042 3269 cur
4075 3199 4186 3266 Dii

1352 3313 1390 3361 e
1433 3295 1628 3362 terris
1670 3290 2053 3359 reverterint
2090 3289 2159 3355 in
2200 3290 2481 3357 coelum:
2525 3294 2805 3369 8=4÷
2819 3293 2881 3355 4.
2925 3288 3221 3357 Secunda
3261 3293 3451 3374 parte
3492 3289 3718 3357 eadem
3759 3289 4015 3356 ratione
4057 3286 4188 3354 dis·

1348 3381 1570 3467 posita
1609 3376 2018 3458 describitur,
2058 3375 2378 3465 quomodo
2421 3397 2565 3444 cum
2596 3376 2759 3462 Spes
2781 3374 2923 3443 Dea
2965 3377 3108 3444 sola
3148 3375 3343 3461 degat
3382 3376 3453 3442 in
3491 3377 3689 3443 terris
3723 3377 4012 3444 homines
4044 3394 4189 3442 sese

1348 3488 1574 3554 gerere
1616 3466 1911 3546 debeant,
1955 3468 2022 3529 et
2063 3461 2320 3547 quidem
2359 3463 2478 3545 ita,
2520 3467 2597 3529 ut
2637 3462 2919 3549 primum
2952 3483 3072 3547 per
3141 3467 3408 3530 uattuor
3437 3483 3659 3530 versus
3687 3462 4016 3530 sacrificiis
4043 3481 4187 3528 eam

1348 3554 1683 3623 colendam
1725 3548 2257 3637 splendidissimis
2300 3549 2647 3617 admoneat
2686 3555 2907 3634 poeta,
2964 3549 3113 3616 dein
3159 3569 3196 3615 e
3235 3549 3587 3617 cavendum
3626 3569 3769 3615 esse
3811 3547 4014 3614 addat
4030 3599 4047 3631 ‚
4105 3567 4188 3613 ne

1348 3642 1680 3743 hominum
1717 3637 2154 3741 improborum
2196 3642 2371 3704 artes
2412 3658 2542 3739 non
2586 3642 2852 3704 careant
2893 3657 3221 3738 successu:
3265 3637 3586 3738 βε4-Ι-4.
3645 3634 3794 3701 Alia
3823 3633 4189 3719 strophicae

1351 3733 1884 3900 asma.
1926 3723 2193 3877 &aa
2222 3745 2306 3876 εἴ,
2331 3721 3540 3877 sitim-ffissffisfflsz
3565 3720 3857 3889 Tffizm
3892 3719 4186 3893 3:1¹2&

1351 3901 1867 3987 disputaverunt,
1934 3896 2223 3981 exempla
2275 3896 2418 3963 vide
2475 3896 2564 3963 sis
2620 3895 2796 3980 apud
2839 3894 3119 3980 Theogn.
3164 3917 3290 3963 vss.
3343 3898 3733 3978 105—112,
3798 3894 4183 3962 133—142.

1348 3986 1597 4067 Quibus
1637 3986 1884 4056 subicio
1922 3989 2135 4051 totum
2176 4003 2433 4051 carmen
2474 3981 2823 4050 secundum
2861 4002 3072 4049 meam
3113 3983 3431 4050 rationem
3475 3981 3892 4068 descriptum:

1852 4088 2065 4165 Ἐλπὶς
2106 4089 2180 4153 ἐν
2228 4086 2611 4173 ἀνθρώποις
2649 4089 2860 4174 μούνη
2903 4088 3062 4163 θεὸς
3101 4084 3304 4171 ἐσθλὴ
3349 4085 3621 4163 ἔνεσαν,

1948 4175 2139 4240 ἄλλοι
2183 4174 2245 4240 δ’
2290 4175 2644 4257 Οὔλυμπον
2683 4178 2803 4261 γῆν
2844 4174 3265 4258 προλιπόντες
3304 4170 3486 4254 ἔβαν.

1862 4264 2058 4350 &xm
2098 4266 2220 4345 μὲν
2262 4265 2483 4338 Πίσιις
2520 4261 2768 4347 μεγάλη
2811 4261 3005 4337 θεός,
3067 4260 3259 4345 ᾤχετο
3304 4257 3365 4324 δ’
3404 4256 3667 4341 ἀνδρῶν

1950 4349 2382 4436 Σωφροσύνη·
2423 4349 2706 4433 Χάριτές
2742 4348 2797 4413 s'
2835 4344 2890 4411 ὦ
2933 4347 3081 4433 φίλε
3120 4350 3242 4432 γῆν
3282 4344 3529 4410 ἔλιπον.

1851 4521 2067 4603 Ὀρκοι
2111 4519 2169 4584 δ’
2213 4517 2420 4585 eduin
2460 4521 2669 4583 πιστοὶ
2708 4516 2783 4583 ἐν.
2824 4515 3205 4600 ἀνθρώποις
3246 4513 3565 4581 ἀδίκοισιν
3672 4576 3681 4583 .

1946 4603 2101 4672 οὐδὲ
2143 4608 2345 4682 θεοὺς
2386 4604 2598 4681 οὐδεὶς
2639 4602 2851 4680 ἅζεται
2895 4600 3291 4678 ἀθανάτους.

1856 4692 2169 4776 εὐσεβέων
2209 4693 2270 4758 δ’
2313 4693 2577 4777 άνδρῶν
2603 4692 2800 4772 ’γένος
2842 4690 3112 4774 ἔφθιται
3155 4687 3311 4755 οὐδὲ
3356 4689 3666 4771 θέμιστας

1946 4781 2154 4846 cdxcv:
2196 4779 2576 4862 ravoo'cxovc'
2622 4775 2777 4844 οὐδὲ
2818 4780 2940 4861 μὲν
2981 4775 3290 4860 εὐσεβίας.
