5217 6040
2209 690 2735 776 ...5.-

1055 948 1185 1081 gua
1230 933 1330 996 est
1378 947 1532 1013 erga
1573 948 1676 994 me
1719 926 2181 1009 benevolentia,
2232 924 2517 993 codicem
2559 927 2859 1012 inspexit.
2944 927 3172 996 Priore
3211 949 3401 998 versu
3444 934 3666 1018 poesin
3707 952 3902 1017 prae-

1101 1016 1261 1083 icari
1304 1014 1664 1082 sententiae
1703 1013 2048 1081 Hesiodiae
2083 1013 2364 1080 imitatio
2407 1015 2627 1098 arguit
2642 1065 2658 1096 ,
2715 1013 3032 1099 Tbeogon.
3081 1021 3198 1081 273

1571 1099 1755 1184 ὥριον
1788 1099 2052 1187 ψεύδεα
2095 1098 2308 1165 πολλὰ
2353 1099 2563 1180 λέγειν
2603 1100 2927 1182 ἐτύμοισιν
2968 1100 3197 1185 dycta,

1027 1189 1664 1359 {arrasa
1702 1193 1919 1361 a&
2005 1186 2627 1341 mabsara?
2658 1186 3032 1360 &m
3060 1187 3435 1360 {aazia
3448 1195 3900 1361 ama

1662 1325 1677 1339 .
2101 1324 2116 1338 .
2193 1324 2208 1356 ,
2280 1324 2298 1355 ,
2618 1325 2632 1338 .
2758 1326 2773 1340 .
2850 1325 2864 1340 .
2948 1327 2963 1357 ‚
3037 1327 3050 1341 .
3217 1327 3232 1341 .

1050 1382 1195 1428 cum
1236 1361 1511 1429 Nestore
1527 1362 1560 1427 ¹?
1629 1363 1811 1428 euius
1868 1368 2009 1428 tum
2107 1382 2319 1427 emum
2377 1366 2532 1445 apte
2586 1360 2693 1427 hic
2734 1363 2974 1428 mentio
3017 1363 3191 1430 facta
3232 1368 3437 1446 esset,
3501 1365 3559 1429 si
3600 1364 3900 1431 facundia

1050 1447 1430 1515 laudaretur
1446 1499 1463 1530 ,
1533 1447 1615 1515 de
1657 1469 1787 1533 qua
1829 1468 1974 1514 cum
2014 1447 2179 1514 alias
2223 1447 2307 1514 ob
2365 1467 2596 1514 causas
2639 1454 2783 1514 tum
2825 1455 3096 1534 propter
3150 1470 3242 1516 vs.
3292 1453 3417 1517 704
3480 1449 3585 1516 hic
3628 1453 3901 1536 cogitari

1049 1536 1294 1620 nequit.
1381 1535 1470 1600 Et
1509 1555 1594 1601 ne
1634 1534 2008 1601 hexametro
2049 1535 2276 1619 poesin
2294 1584 2310 1615 ,
2375 1555 2567 1601 versu
2607 1534 2901 1602 breviore
2944 1536 3375 1622 eloquentiam
3417 1536 3763 1622 significari
3795 1560 3900 1605 su·

1052 1622 1340 1707 spiceris,
1384 1641 1659 1705 sequens
1687 1621 2009 1690 distichon
2053 1620 2360 1703 declarat,
2406 1620 2487 1688 de
2528 1641 2661 1687 una
2699 1623 2937 1690 virtute
2979 1643 3097 1708 per
3137 1628 3349 1690 totum
3391 1623 3708 1691 distichon
3746 1645 3900 1710 poe-

1050 1715 1188 1775 tam
1232 1728 1551 1793 exponere
1592 1707 1910 1776 debuisse.
1994 1707 2114 1775 His
2174 1713 2351 1775 recte
2411 1709 2644 1793 positis
2703 1710 2997 1793 sequitur
3057 1717 3125 1776 et
3183 1732 3415 1777 nomen
3459 1713 3773 1792 Νέσιορος
3829 1717 3898 1779 et

1052 1795 1383 1881 epitheton
1424 1793 1690 1880 ἀγαθὴν
1730 1795 1920 1880 plane
1964 1795 2242 1862 otiosum
2283 1794 2737 1879 interpolatori
2792 1796 3241 1864 tribuendum:
3308 1798 3625 1882 quomodo
3681 1805 3900 1865 autem

1047 1882 1409 1949 membrum
1450 1881 1855 1966 participiale
1897 1881 2217 1967 Theognis
2257 1882 2399 1967 ipse
2439 1883 2878 1966 exornaverit,
2923 1882 3184 1952 difficile
3225 1890 3326 1951 est
3366 1884 3577 1953 dictu:
3621 1886 3893 1972 exempli

1055 1990 1256 2037 causa
1296 1988 1863 2134 propoughffim
1904 2053 2067 2136 ἔχων
2107 2052 2358 2141 α’γανῆν
2389 2053 2663 2140 Ὀρφέος
2703 2052 3049 2121 &munnam

1050 2141 1131 2208 de
1174 2141 1431 2227 Orpheo
1474 2164 1533 2207 v.
1576 2141 1807 2209 Aesch.
1851 2142 2076 2226 Agam.
2128 2146 2333 2209 1629:
2390 2139 2621 2227 Ὀρφεῖ·
2675 2140 2748 2205 δὲ
2802 2141 3182 2222 γλῶσσαν
3221 2143 3334 2227 τὴν
3375 2141 3676 2209 ἐναντίαν
3718 2146 3896 2228 ἔχεις,

1048 2227 1271 2314 Eurip.
1316 2228 1553 2296 Alcest.
1603 2232 1761 2294 357:
1823 2228 1884 2292 εἴ
1926 2227 1988 2291 δ’
2020 2226 2311 2314 Ὀρφέως
2349 2251 2461 2310 μοι
2490 2227 2810 2308 ,γλῶσσα
2854 2234 2963 2293 καὶ
3001 2229 3197 2312 μέλος
3234 2233 3488 2315 παρῆν3
3543 2230 3692 2298 add.
3738 2232 3894 2299 Eur.

1049 2315 1217 2382 Med.
1264 2320 1410 2381 543.
1455 2315 1662 2401 Iphig.
1702 2313 1916 2381 Aulid.
1970 2318 2166 2381 1211:
2225 2314 2475 2401 ἀγανὴν
2516 2315 2601 2382 ab
2645 2314 2937 2384 Heckero
2983 2317 3261 2402 sumpsi,
3322 2339 3380 2383 v.
3424 2317 3653 2387 Philol.
3700 2319 3773 2386 T.
3818 2319 3895 2402 V,

1049 2424 1113 2488 p.
1160 2406 1309 2469 470.
1387 2402 1677 2469 Tertium
1718 2401 1992 2486 denique
2035 2403 2394 2488 exemplum
2434 2407 2503 2468 et
2546 2407 2848 2486 quartum
2890 2403 3136 2470 fraudis
3179 2404 3262 2471 ab
3304 2405 3655 2490 impostore
3686 2407 3898 2474 factae

1048 2490 1118 2555 in
1157 2490 1287 2556 fine
1328 2488 1643 2555 adiiciam.
1756 2488 2111 2573 Postquam
2163 2490 2232 2554 in
2291 2489 2661 2555 universum
2704 2488 2877 2557 Deos
2940 2511 2977 2556 e
3032 2492 3228 2558 terris
3284 2492 3353 2557 in
3401 2492 3739 2579 Olympum
3795 2514 3896 2560 re·

1050 2596 1299 2644 measse
1338 2583 1532 2661 poeta
1576 2575 1772 2659 dixit,
1816 2575 2068 2661 singula
2106 2577 2371 2642 numina
2411 2576 2733 2657 nominat,
2791 2598 2850 2643 v.
2904 2581 3100 2643 11373

1567 2663 1761 2749 ᾤχετο
1803 2665 1924 2745 μὲν
1967 2666 2187 2738 Πίσης
2226 2661 2474 2748 μεγάλη
2516 2661 2697 2739 θεός,
2745 2664 2938 2749 ᾤχετο
2982 2663 3045 2727 δ’
3087 2662 3349 2748 ἀνδρῶν

1654 2750 2090 2835 Σωφροσύνη·
2133 2750 2411 2833 Χάριτές
2453 2750 2506 2813 2³
2548 2747 2603 2813 ὦ
2644 2749 2793 2834 φίλε
2830 2753 2953 2834 γῆν
2994 2749 3239 2816 ἔλιπον.

1050 2835 1127 2902 In
1225 2836 1416 2903 uibus
1471 2858 1531 2903 v.
1578 2833 1840 2920 ἀνδρῶν
1880 2833 2059 2903 Deae
2118 2837 2358 2904 nomini
2411 2835 2509 2902 ita
2560 2838 2958 2922 appositum,
3028 2844 3106 2905 ut
3162 2860 3220 2904 v.
3264 2837 3601 2923 priscus
3654 2836 3896 2904 Pudori

1054 2943 1184 3008 apu
1266 2922 1496 2990 Horat.
1544 2920 1756 2989 Carm.
1804 2921 1981 2989 Saec.
2031 2927 2143 2988 573

1565 3010 1698 3076 iam
1740 3008 1934 3076 Fides
1978 3016 2046 3076 et
2087 3008 2224 3076 Pax
2265 3013 2333 3076 et
2374 3007 2596 3075 Honos
2639 3006 2987 3097 Pudorque

1563 3097 1816 3250 Pfig‘TS
1859 3102 1926 3163 et
1966 3096 2260 3184 neglecta
2299 3095 2514 3162 redire
2557 3094 2781 3163 Virtus

1568 3203 1652 3249 au
1697 3204 1732 3250 e
1773 3206 1789 3247 3

1051 3275 1281 3354 poetae
1323 3269 1492 3336 enim
1510 3320 1525 3350 ,
1591 3276 1666 3336 ut
1709 3268 2221 3336 Schneidewinus
2281 3267 2367 3333 ad
2410 3265 2626 3335 Solon.
2688 3266 2767 3332 fr.
2810 3267 2921 3350 XI,
2965 3272 3045 3334 73
3111 3270 3478 3352 annotavit,
3546 3268 3892 3355 mythicam

1053 3377 1392 3442 personam
1434 3377 1576 3423 cum
1619 3377 1693 3422 re
1735 3357 1878 3441 ipsa
1919 3358 2186 3422 miscere
2229 3355 2458 3422 solent.
2543 3354 2767 3439 Pergit
2808 3359 3004 3439 poeta
3042 3378 3099 3421 v.
3156 3361 3186 3421 1
3200 3360 3353 3423 139:

1565 3441 1747 3529 ὅρκοι
1789 3443 1851 3507 δ’
1891 3441 2100 3507 censu
2139 3446 2348 3506 πισωὶ
2387 3441 2462 3504 ἓν
2503 3438 2914 3525 ἀνθρώποισι
2962 3441 3226 3520 δίκαιοι,

1658 3527 1814 3594 οὐδὲ
1854 3529 2055 3605 θεοὺς
2098 3527 2308 3603 οὐδεὶς
2351 3525 2563 3602 ἅζεται
2605 3525 3004 3603 ἀθανάτους.

1565 3614 1879 3699 εὐσεβέων
1920 3615 1981 3680 δ’
2023 3613 2285 3701 ἀνδρῶν
2323 3617 2505 3694 γένος
2546 3612 2804 3699 ἔφθιτο,
2849 3613 2996 3679 οῦδὲ
3039 3617 3348 3697 θέμιστας

1652 3701 1861 3768 οὐκέτι
1898 3701 2273 3782 γινώσκουᾶ
2311 3699 2464 3765 οὐδὲ
2501 3704 2625 3782 μὲν
2663 3694 2969 3781 εὐσεβίας.

1048 3787 1269 3855 Monet
1310 3787 1578 3856 Stollius
1622 3789 1708 3855 ad
1750 3811 1844 3856 vs.
1896 3794 1926 3855 1
1939 3794 2060 3856 139
2077 3840 2093 3870 ,
2136 3788 2579 3873 praedicatum
2622 3787 2931 3854 vocabulo
2977 3787 3214 3852 δίκαιοι
3255 3784 3598 3852 contineri:
3651 3804 3755 3850 me
3795 3783 3893 3850 iu-

1049 3875 1188 3941 dice
1229 3874 1586 3943 hexametri
1624 3876 1825 3945 verba
1864 3896 1946 3942 ne
1992 3875 2279 3943 construi
2321 3875 2579 3960 quidem
2623 3880 2916 3959 possunt,
2961 3874 3077 3941 sed
3117 3880 3257 3940 tum
3284 3873 3537 3939 demum
3565 3877 3896 3939 structura

1051 3963 1330 4029 orationi
1371 3965 1662 4047 poeticae
1705 3982 1989 4048 congrua
2032 3967 2101 4029 et
2142 3966 2301 4047 apta
2341 3961 2684 4028 verborum
2726 3960 3062 4029 collocatio
3103 3961 3393 4027 nascitur
3410 4010 3426 4041 ‚
3492 3959 3607 4025 ubi
3662 3960 3891 4040 πιστοί,

1054 4048 1226 4134 quod
1270 4049 1539 4135 epitheti
1580 4049 1724 4117 loco
1767 4051 1920 4136 poni
1961 4071 2092 4116 non
2133 4048 2423 4133 potuisse
2461 4046 2650 4114 facile
2704 4049 3093 4133 perspicitur
3109 4100 3125 4130 ,
3186 4068 3306 4133 pro
3364 4044 3735 4131 praedicato
3775 4043 3891 4110 ha-

1052 4135 1264 4219 betur,
1310 4158 1437 4222 quo
1481 4136 1634 4222 quid
1680 4142 1829 4222 post
1871 4135 2056 4202 Fidei
2097 4155 2422 4202 recessum
2462 4140 2781 4201 mutatum
2823 4136 2910 4202 sit
2936 4136 3006 4202 in
3039 4136 3233 4202 terris
3263 4133 3645 4200 declaretur.
3734 4130 3891 4210 Qui-

1052 4222 1175 4290 bus
1218 4223 1546 4309 perpensis
1588 4224 1645 4290 si
1687 4223 1773 4289 ad
1815 4224 2016 4290 totius
2058 4222 2182 4290 loci
2239 4221 2515 4289 colorem
2570 4223 3159 4307 sententiarumque
3219 4243 3452 4288 nexum
3509 4217 3889 4301 attenditur,

1050 4312 1366 4464 nemiqem
1409 4311 1570 4464 (1ιίιίἰέ
1605 4310 1675 4376 in
1716 4306 2538 4463 {erbtilsefiztsststqffnomt
2571 4306 2811 4459 Ἑκαιοι
2861 4309 3097 4463 Ιαιέἕὶίὲ,
3165 4308 3277 4408 diu
3324 4306 3569 4461 &terit
3634 4305 3888 4408 fugere:

1051 4417 1512 4551 ffiffi..
1553 4418 1896 4550 ..32¹2st
1952 4415 2507 4569 atque’2³1¹112011i1212f’:S
2550 4415 2864 4566 ...5323
2905 4417 3352 4567 ἒνθῖῗῶ.
3369 4413 3892 4556 3231333013232

1054 4572 1522 4638 emendandum
1565 4577 1697 4653 est,
1753 4591 1883 4655 quo
1924 4570 2033 4653 fit,
2084 4576 2159 4636 ut
2200 4569 2349 4634 huic
2393 4568 2698 4635 carminis
2741 4571 2919 4653 parti
2961 4570 3157 4636 etiam
3193 4566 3465 4653 pulchra
3504 4565 3619 4633 illa
3661 4586 3739 4632 ac
3779 4587 3892 4632 na·

1051 4659 1187 4726 tiva
1227 4658 1648 4725 distichorum
1691 4656 2085 4758 concinnitas
2129 4657 2433 4740 antiquae
2476 4656 2885 4740 potissimum
2925 4656 3164 4742 elegiae
3190 4654 3457 4740 propria
3483 4653 3889 4757 restituatur,

1051 4746 1414 4901 ffiffld
1423 4741 2589 4920 affssffiwssssfflssflffiffl
2644 4740 3892 4915 {235sszffipzssegssntazzzffzmfflss
