5217 6040
1101 1946 1202 2080 In
1244 2009 1525 2080 carmine
1565 2008 1678 2079 illo
1720 2010 2096 2078 suavissimo
2111 2063 2130 2096 ,
2195 2034 2324 2098 quo
2366 2011 2649 2080 Deorum
2692 2014 2977 2081 omnium
3015 2033 3211 2080 unam
3254 2012 3448 2100 Spem
3486 2016 3556 2082 in
3594 2016 3791 2082 terris
3836 2035 3939 2081 re-

1101 2100 1416 2167 mansisse
1437 2096 1768 2184 praedicat
1791 2096 2111 2184 Theognis
2151 2099 2532 2167 mortalibus
2575 2102 2944 2186 propitiam,
2987 2101 3172 2167 naevi
3198 2105 3562 2186 temporum
3588 2101 3934 2187 iniquitate

1100 2186 1397 2272 adspersi
1450 2190 1518 2251 et
1566 2183 1981 2252 librariorum
2030 2186 2279 2253 incuria
2330 2186 2677 2273 propagati
2717 2188 2999 2255 nondum
3055 2186 3330 2254 feliciter
3384 2188 3617 2257 sublati
3666 2209 3806 2256 esse
3845 2189 3935 2256 vi·

1100 2273 1356 2344 dentur.
1442 2269 1629 2351 Quod
1668 2271 1890 2358 paucis
1932 2271 2372 2340 demonstrare
2397 2274 2789 2342 conabimur.
2851 2274 3138 2344 Primum
3162 2273 3485 2344 distichon
3513 2297 3607 2344 vs.
3642 2278 3807 2342 1135
3833 2296 3931 2362 sq.

1098 2360 1168 2428 in
1206 2360 1426 2432 codice
1465 2357 1815 2426 Mutinensi
1857 2359 1970 2446 (A)
2016 2360 2110 2426 sic
2152 2366 2484 2428 exaratur:

1608 2444 1790 2520 ἐλπὶς
1828 2444 1902 2508 ἐν
1942 2443 2352 2530 ἀνθρώποισι
2392 2446 2484 2530 μό
2602 2448 2762 2523 θεὸς
2803 2446 3008 2533 ἐσθλῇ
3052 2447 3271 2531 auson,

1787 2531 1975 2596 ἄλλοι
2020 2530 2081 2595 δ’
2123 2533 2475 2616 Οὔλυμπον
2485 2469 3007 2620 νΞιιπρολιπόνιτς
3046 2535 3224 2615 ἔβαν.

1102 2620 1179 2687 In
1235 2618 1338 2686 his
1387 2617 1556 2704 μόνη
1605 2617 1690 2686 ab
1734 2616 2119 2704 Theognidis
2176 2621 2632 2688 consuetudine
2675 2620 3006 2688 abhorret:
3074 2620 3287 2687 ionica
3340 2620 3513 2689 enim
3571 2618 3782 2687 forma
3833 2617 3935 2684 uti

1092 2707 1293 2777 solet:
1331 2729 1392 2774 v.
1409 2726 1504 2774 vs.
1530 2709 1671 2773 130.
1688 2708 1837 2770 222.
1861 2710 2010 2772 696.
2029 2710 2184 2773 ’17οε
2225 2708 2448 2792 itaque
2470 2728 2616 2775 cum
2637 2708 2709 2774 in
2738 2706 3000 2775 Stobaei
3019 2707 3241 2776 Floril.
3264 2706 3394 2792 CX,
3419 2711 3495 2773 12
3541 2703 3928 2789 ἀνθρώποις

1097 2794 1303 2881 μούνη
1353 2798 1563 2861 exstet
1580 2844 1597 2874 ‚
1663 2797 2004 2878 praeterea
2042 2793 2351 2861 Arsenius
2392 2794 2567 2879 apud
2606 2794 2900 2881 Apostol.
2944 2793 3084 2876 VII,
3136 2798 3201 2859 1⁶
3242 2793 3395 2861 edit.
3437 2814 3620 2861 meae
3661 2790 3932 2875 ἀνθρώ-

1097 2899 1274 2946 ποισι
1313 2879 1873 3033 μούιὲἰῃρτοοδθοῢ
1887 2930 1904 2963 ,
1959 2878 2085 2947 hoc
2135 2881 2348 2965 ipsum
2387 2879 2772 2966 ἀνθρώποις
2807 2879 3017 2967 μούνη
3059 2880 3530 2948 restituendum
3571 2900 3712 2947 esse
3751 2883 3929 2944 recte

1103 2968 1353 3034 monuit
1404 2965 1448 3034 S
1576 2965 1917 3033 eidewinus
1976 2967 2047 3033 in
2100 2965 2313 3053 Symb.
2359 2969 2530 3034 critt.
2574 2967 2664 3034 ad
2718 2967 2772 3033 L
2851 3019 2867 3034 .
2912 2966 3147 3035 Graec.
3212 2988 3278 3054 p.
3323 2971 3426 3036 26.
3525 2964 3676 3034 Sine
3732 2984 3930 3032 causa

1100 3053 1382 3122 Sintenis
1438 3052 1612 3138 apud
1669 3051 1749 3119 Gr.
1789 3053 2230 3120 Hermannum
2267 3054 2337 3121 in
2374 3053 2648 3123 Seebod.
2690 2989 2884 3122 ,ΕΞ-ξι.
2947 3059 3017 3123 et
3054 3053 3268 3122 Klotz.
3311 3053 3544 3122 Annal.
3587 3050 3815 3120 Philol.
3860 3058 3930 3119 et

1091 3140 1373 3226 Paedag.
1414 3139 1490 3206 Τ.
1509 3139 1788 3218 XXVII„
1861 3191 1876 3206 .
1921 3145 2005 3206 44
2050 3140 2329 3208 offensus
2366 3141 2438 3208 in
2474 3164 2534 3209 v.
2580 3140 2820 3206 ἔνεσαν
2860 3141 3133 3208 coniecit
3174 3139 3256 3206 ἔί
3295 3141 3462 3208 ἔστιν
3503 3139 3754 3225 collatis
3797 3159 3926 3205 vss.

1101 3233 1291 3295 1139.
1317 3231 1503 3309 1142,
1549 3226 1721 3312 quod
1762 3246 1807 3311 p
1956 3227 2006 3293 't
2044 3226 2415 3313 Hartungo:
2457 3248 2561 3294 me
2599 3227 2813 3296 iudice
2854 3228 2939 3294 ἔτ’
2978 3227 3146 3294 ἔστιν
3180 3230 3534 3297 orationem
3560 3226 3930 3311 ambiguam

1094 3315 1338 3396 reddit,
1381 3314 1584 3400 quod·
1596 3315 1792 3381 etiam
1833 3312 2028 3400 Spem
2065 3312 2269 3380 Deam
2310 3314 2737 3385 discessuram
2778 3335 2816 3383 e
2856 3315 3055 3382 terris
3096 3314 3444 3402 aliquando
3486 3320 3683 3401 poeta
3723 3312 3926 3379 videri

1211 3402 1299 3469 sit
1337 3402 1642 3481 indicare,
1684 3420 1878 3485 quam
1921 3421 2264 3486 numquam
2310 3401 2635 3469 abituram
2676 3423 2819 3470 esse
2860 3424 2985 3470 vss.
3016 3405 3182 3470 1143
3209 3424 3351 3489 sqq.
3383 3402 3555 3469 idem
3579 3399 3923 3468 existimat.

1090 3423 1463 3556 ffdvstvm
1510 3486 1583 3571 ἔν
1622 3508 1742 3552 τινι
1782 3485 2019 3573 legitur
2055 3487 2335 3575 Theogn.
2359 3492 2506 3555 531.
2575 3488 2886 3557 Graviore
2930 3488 3079 3556 labe
3115 3496 3518 3574 pentameter
3557 3490 3924 3555 contactus:

1090 3575 1424 3659 οὔλυμπον
1463 3576 1533 3641 in
1573 3572 1868 3641 omnibus
1909 3574 2232 3643 codicibus
2273 3581 2595 3660 repertum
2636 3581 2905 3661 propter
2931 3575 3354 3660 inelegantem
3388 3574 3672 3662 syllabae
3707 3572 3922 3641 brevis

1090 3664 1162 3729 in
1216 3662 1370 3729 sede
1432 3662 1630 3731 tertia
1691 3661 2179 3746 productionem
2231 3661 2386 3728 ferri
2440 3663 2703 3748 nequit:
2768 3662 2847 3729 cf.
2891 3662 3122 3728 Axtius
3177 3663 3266 3729 ad
3306 3662 3571 3731 Vestrit.
3615 3658 3918 3748 Spurinn.

1092 3748 1302 3816 Oarm.
1346 3769 1411 3834 p.
1462 3752 1583 3815 116
1605 3769 1741 3835 sq.:
1780 3768 1975 3814 ausus
2019 3749 2276 3833 quidem
2319 3754 2420 3815 est
2460 3748 2742 3860 Theogn.
2788 3753 2858 3815 2:

1739 3832 2016 3919 λήσομαι
2057 3832 2407 3918 ἀρχόμενος
2448 3833 2590 3900 οόδ’
2631 3832 3165 3917 αποπαυόμενος,

1092 3921 1209 3988 sed
1249 3921 1422 3987 inter
1460 3939 1769 4004 paeonem
1811 3927 1878 3987 et
1916 3920 2253 3988 bacchium
2302 3920 2646 4008 plurimum
2695 3923 2984 3989 interest.
3092 3915 3454 3986 Brunckius
3519 3915 3683 3983 bene
3745 3914 3918 3998 fecit,

1093 4007 1267 4094 quod
1305 4027 1562 4074 versum
1602 4007 1941 4109 emendare
1983 4015 2254 4076 conatus
2294 4015 2433 4111 esti
2490 4009 2606 4076 sed
2663 4029 2738 4076 eo
2757 4059 2774 4092 ,
2838 4007 3013 4094 quod
3054 4003 3438 4109 excogitavit
3483 4000 3919 4083 Οὔλυμπόνδ’,

1090 4091 3729 4267 ἓῶἒῖἒὲἳιῗῑθξῖῗῗῖἓῗ.ἕῶἒῦῗίἶέὼᾚᾚὲἑῖᾙέἓὲἓᾞὸεῗῦῗιῗίἒᾎῗ
3766 4110 3919 4261 ἓῖῗί

1084 4269 1377 4353 ticipium
1454 4266 1942 4352 ἐκπρολιπόντες
2010 4274 2277 4354 propter
2351 4269 2775 4354 oppositionis
2840 4271 3156 4337 rationem
3217 4264 3562 4346 obiectum,
3648 4282 3780 4348 qua
3838 4262 3920 4330 de

1089 4375 1288 4422 causa
1326 4357 1447 4440 γῆν
1486 4352 1897 4437 προλιπόντες
1937 4354 2415 4440 corrigendum:
2485 4355 2660 4440 quod
2717 4356 2774 4422 si
2823 4355 3198 4441 probaveris
3240 4350 3437 4417 etiam
3477 4358 3698 4416 versus
3748 4353 3778 4415 1
3794 4354 3917 4416 138

1086 4462 1457 4595 germanam
1498 4441 1904 4526 recuperabit
1945 4440 2345 4549 elegantiam3
2389 4441 2906 4544 quandoquidem
2945 4442 3155 4509 verbis
3182 4460 3274 4506 vs.
3301 4441 3333 4502 1
3346 4439 3467 4502 138
3508 4460 3548 4516 r
3561 4441 3600 4522 ἢ
3611 4457 3652 4538 ²?
3692 4435 3918 4537 §lunen

1085 4522 3916 4712 ...wffiffisfftffffffifffipffigmffidfflssfitumsstffissssffi

1086 4704 1251 4769 sitae
1290 4703 1486 4768 etiam
1525 4701 1706 4768 locus
1746 4702 2103 4769 Hesiodeus
2120 4752 2136 4782 ‚
2204 4702 2317 4787 qui
2372 4705 2650 4770 maxime
2704 4705 2774 4770 in
2828 4705 2973 4789 ipso
3030 4698 3335 4769 carminis
3394 4697 3657 4765 exordio
3714 4700 3915 4766 menti

1080 4795 1314 4875 poetae
1355 4789 1767 4872 obversatur,
1822 4788 1943 4875 Op.
1988 4796 2056 4856 et
2092 4787 2172 4854 D.
2224 4792 2374 4854 197:

3271 4901 3351 4968 1*
